@inproceedings{galoecamargo,
	author = {Galo, M. and Camargo, P.O.},
	title = "Utiliza\c{c}\~ao do GPS no controle de qualidade de cartas",
	publisher = "Anais CONGRESSO BRASILEIRO DE CADASTRO TÉCNICO MULTIFINALITÁRIO", 
	address = "Florianópolis-SC: Universidade Federal de Santa Catarina",
	pages = "41--48",
	year = "1994"
}

@inproceedings{duarteromanholli,
	author = {Duarte, R. and Romanholi, M. P.},
	title = "Algoritmo para c\'alculo de dist\^ancias
	tridimensionais entre pontos e linhas em banco de dados geogr\'aficos para
	avalia\c{c}\~ao de acur\'acia posicional de dados cartogr\'aficos vetoriais",
	publisher = "CONGRESSO BRASILEIRO DE CADASTRO TÉCNICO MULTIFINALITÁRIO", 
	address = "Florianópolis-SC: Universidade Federal de Santa Catarina",
	year = "2016"
}

@incollection{salge1995spatial,
	title={Semantic accuracy},
	author={Salgé, François},
	editor={Guptill, Stephen C and Morrison, Joel L},
	booktitle={Elements of spatial data quality},
	volume={202},
	chapter={7},
	pages={139--151},
	year={1995},
	publisher={Oxford Elsevier Science}
}

@incollection{kainz1995,
	title={Semantic accuracy},
	author={Kainz, W},
	editor={Guptill, Stephen C and Morrison, Joel L},
	booktitle={Elements of spatial data quality},
	volume={202},
	chapter={8},
	pages={109--138},
	year={1995},
	publisher={Oxford Elsevier Science}
}
@article{ho2010design,
	title={The Design of a Zero-Defect Sampling with Rectification Procedure in the Presence of Classification Errors: an Application to Database with Spatial Data},
	author={Ho, Linda Lee and Quintanilha, Jos{\'e} Alberto and Quinino, Roberto C},
	journal={Brazilian Journal of Operations \& Production Management},
	volume={3},
	number={1},
	pages={87--89},
	year={2010}
}
@article{joksic2004elements,
	title={Elements of spatial data quality as information technology support for sustainable development planning},
	author={Joksi{\'c}, Du{\v{s}}an and Bajat, Branislav},
	journal={Spatium},
	number={11},
	pages={77--83},
	year={2004}
}
@article{nogueira2003controle,
	title={Controle de qualidade de produtos cartogr{\'a}ficos: uma proposta metodol{\'o}gica},
	author={Nogueira J{\'u}nior, Jo{\~a}o Bosco},
	year={2003},
	publisher={Universidade Estadual Paulista (UNESP)}
}

@inproceedings{usgs,
	author = {Gesch, B.D. and Oimoen and M.J. and  Evans, G.A.},
	title = "Accuracy assessment of the U.S.Geological Survey National Elevation Dataset, and comparison with other large-area elevation datasets – SRTM and ASTER",
	publisher = "USGS O. F. R. 2014-1008", 
	address = "U.S. Geological Survey, Reston, Virginia",
	pages = "5-6",
	year = "2014"
}
@inproceedings{korting2009geodma,
author = {Thales Sehn K\"orting and Leila Maria Garcia Fonseca and Maria Isabel Sobral Escada and Gilberto Câmara},
title = {{GeoDMA -- Um sistema para mineração de dados de sensoriamento remoto}},
booktitle = {Anais...},
year = {2009},
address = {S{\~a}o Jos{\'e} dos Campos},
month = {25-30 abr. 2009},
organization = {Simp{\'o}sio Brasileiro de Sensoreamento Remoto (SBSR)},
publisher = {INPE},
conference-location = {Natal},
conference-year = {2009},
pages = {7813--7820},
isbn = {978-85-17-00044-7},
url = {http://urlib.net/dpi.inpe.br/sbsr@80/2008/11.17.21.17},
accessdate = {04 nov. 2010}
}
@article{fegeas1992overview,
	title={An overview of FIPS 173, the spatial data transfer standard},
	author={Fegeas, Robin G and Cascio, Janette L and Lazar, Robert A},
	journal={Cartography and Geographic Information Systems},
	volume={19},
	number={5},
	pages={278--293},
	year={1992},
	publisher={Taylor \& Francis}
}
@book{guptill2013elements,
	title={Elements of spatial data quality},
	author={Guptill, Stephen C and Morrison, Joel L},
	year={2013},
	publisher={Elsevier}
}
@misc{leal2002consideraccoes,
	title={Considera{\c{c}}{\~o}es Sobre a Classifica{\c{c}}{\~a}o de Documentos Cartogr{\'a}ficos},
	author={LEAL, E da M and DALMOLIN, Q},
	year={2002},
	publisher={Curitiba}
}
@article{brasil22decreto,
	title={Decreto No 89.817, de 20 de junho. Estabelece as Instru{\c{c}}{\~o}es Reguladoras das Normas T{\'e}cnicas da Cartografia Nacional (IRNTCN)},
	author={Brasil, Leis Decretos},
	journal={Bras{\'\i}lia: Di{\'a}rio Oficial da Uni{\~a}o (DOU)},
	volume={22},
	pages={06--84},
	year={1984}
}
@misc{ISO19157,
	title={ISO 19157: Geographic Information - Data Quality. International Organization for
	Standarization},
	author={International Organization for
	Standarization},
	year={2011},
	publisher={International Organization for Standardization}
}
@article{tommaselli1988analise,
	title={An{\'a}lise da Exatid{\~a}o Cartogr{\'a}fica da Carta Imagem S{\~a}o Paulo},
	author={TOMMASELLI, AMG and MONICO, JFG and CAMARGO, PO},
	journal={5o, Simp{\'o}sio Brasileiro de Sensoriamento Remoto},
	pages={253--257},
	year={1988}
}
@inproceedings{merchant1982spatial,
	title={Spatial accuracy standards for large scale line maps},
	author={Merchant, DC},
	booktitle={Technical papers of the American Congress on Surveying and Mapping},
	volume={1},
	pages={222--231},
	year={1982}
}
@misc{do2008especificaccao,
	title={Especifica{\c{c}}{\~a}o T{\'e}cnica para Aquisi{\c{c}}{\~a}o da Geometria dos Dados Vetoriais Geo-espaciais da Infra-Estrutura Brasileira de Dados Geo-espaciais (ET-ADGV)--Vers{\~a}o Preliminar},
	author={DSG, Exército Brasileiro},
	publisher = {Diretoria do Servi{\c{c}}o Geogr{\'a}fico},
	year={2008},
	volume={1},
	address = {Bras{\'\i}lia}
}
@misc{do2011especificaccao,
	title={Especifica{\c{c}}{\~a}o T{\'e}cnica para a Aquisi{\c{c}}{\~a}o de Dados Geoespaciais Vetoriais (ET-ADGV), 2011},
	author={do Servi{\c{c}}o Geogr{\'a}fico, DSG-Diretoria},
	volume={2},
	address={Bras{\'\i}lia-DF}
}
@article{fegeas1992overview,
	title={An overview of FIPS 173, the spatial data transfer standard},
	author={Fegeas, Robin G and Cascio, Janette L and Lazar, Robert A},
	journal={Cartography and Geographic Information Systems},
	volume={19},
	number={5},
	pages={278--293},
	year={1992},
	publisher={Taylor \& Francis}
}
@article{nogueira2003controle,
	title={Controle de qualidade de produtos cartogr{\'a}ficos: uma proposta metodol{\'o}gica},
	author={Nogueira J{\'u}nior, Jo{\~a}o Bosco},
	year={2003},
	publisher={Universidade Estadual Paulista (UNESP)},
	address = {Presidente Prudente SP}
}
@incollection{goodchildfidelidade,
	title={Attribute Accuracy},
	author={Goodchild, MF},
	editor={Guptill, Stephen C and Morrison, Joel L},
	booktitle={Elements of spatial data quality},
	volume={202},
	chapter={4},
	pages={59--80},
	year={1995},
	publisher={Oxford Elsevier Science}
}
@article{lunardi2009aquisiccao,
	title={Aquisi{\c{c}}{\~a}o da geometria de dados geoespaciais para a infra-estrutura nacional de dados espaciais (INDE)},
	author={Lunardi, Omar Antonio and Issmael, Linda Soraya and Alves, Paulo Danilo Vargas and de Carvalho, Luiz Henrique Moreira},
	journal={CEP},
	volume={70},
	pages={901},
	year={2009}
}
@incollection{ostman,
	title={Logical consistency},
	author={ÖSTMAN, A.},
	editor={Guptill, Stephen C and Morrison, Joel L},
	booktitle={Proceedings of 18th International Cartographic Conference},
	pages={836--847},
	year={1997},
	address = {Stokolm, Sweden}
}
@misc{francisco2001qualidade,
	title={Qualidade dos Dados Espa{\c{c}}o-temporal: Estudo de caso da acur{\'a}cia posicional e atualiza{\c{c}}{\~a}o},
	author={Francisco, HR},
	year={2001},
	publisher={UNESP},
	address = {Presidente Prudente SP}
}
@incollection{kainz1995logical,
	title={Logical consistency},
	author={Kainz, Wolfgang},
	editor={Guptill, Stephen C and Morrison, Joel L},
	booktitle={Elements of spatial data quality},
	volume={202},
	chapter={4},
	pages={109--137},
	year={1995},
	publisher={Oxford Elsevier Science}
}
@article{tc2112001iso,
	title={{ISO/DIS} 19114, Geographic Information--Quality Evaluation Procedures},
	author={TC211, ISO},
	journal={International Standard Committee Draft},
	year={2001}
}
@article{jakobsson2002data,
	title={Data quality and quality management--examples of quality evaluation procedures and quality management in European national mapping agencies},
	author={Jakobsson, Antti},
	journal={Spatial Data Quality},
	pages={216--229},
	year={2002},
	publisher={Citeseer}
}
@article{jakobsson2007guidelines,
	title={Guidelines for implementing the ISO 19100 geographic information quality standards in national mapping and cadastral agencies},
	author={Jakobsson, Antti and Giversen, J{\o}rgen},
	year={2007}
}
@article{galera2009acuracia,
	title={Acur{\'a}cia e precis{\~a}o: revendo os conceitos de forma acurada},
	author={Galera Monico, Joao Francisco and Dal Poz, Aluir Porf{\'\i}rio and Galo, Maur{\'\i}cio and Dos Santos, Marcelo Carvalho and De Oliveira, Leonardo Castro},
	journal={Boletim de Ci{\^e}ncias Geod{\'e}sicas},
	pages={469--483},
	year={2009},
	publisher={Universidade Federal do Paran{\'a} (UFPR), Centro Politecnico}
}
@inproceedings{mikhail,
	author = {MIKHAIL, E.M. and ACKERMAN, F.},
	title = "Observations and Least Squares. University Press of America",
	publisher = "Dun-Donnelley Publishing", 
	address = "New York",
	pages = "497",
	year = "1976"
}
@book{miller1958digital,
	title={The Digital Terrain Model-: Theory \& Application},
	author={Miller, Charles Leslie and Laflamme, Robert Arthur},
	year={1958},
	publisher={MIT Photogrammetry Laboratory}
}
@article{dos2002extraccao,
	title={Extra{\c{c}}{\~a}o semi-autom{\'a}tica de edifica{\c{c}}{\~o}es com an{\'a}lise do MNE},
	author={Dos Santos, Daniel Rodrigues and Tommaselli, Antonio Maria Garcia},
	journal={Boletim de Ci{\^e}ncias Geod{\'e}sicas},
	volume={8},
	number={1},
	year={2002}
}
@incollection{assessmentblak,
	title={DEM Quality Assessment},
	booktitle={Digital elevation model technologies and applications: the DEM users manual},
	author={Blak, A. Timothy},
	editor={Maune, David Francis},
	year={2007},
	chapter={14},
	pages={425--473},
	publisher={Asprs Publications}
}
@article{de2011especificaccao,
	title={Especifica{\c{c}}{\~a}o t{\'e}cnica para a aquisi{\c{c}}{\~a}o de dados geoespaciais vetoriais (ET-ADGV)},
	author={CONCAR, Diretoria de Serviço Geográfico},
	journal={Minist{\'e}rio da Defesa, Ex{\'e}rcito Brasileiro, Departamento de Ci{\^e}ncia e Tecnologia. Bras{\'\i}lia-DF, 2{\textordfeminine} edi{\c{c}}{\~a}o},
	year={2011}
}
@book{shi2009principles,
	title={Principles of modeling uncertainties in spatial data and spatial analyses},
	author={Shi, Wenzhong},
	year={2009},
	publisher={CRC Press}
}